@Article{Lestas2010,
author="Lestas, Ioannis
and Vinnicombe, Glenn
and Paulsson, Johan",
title="Fundamental limits on the suppression of molecular fluctuations",
journal="Nature",
year="2010",
month="Sep",
day="09",
publisher="Nature Publishing Group, a division of Macmillan Publishers Limited. All Rights Reserved.",
volume="467",
number="7312",
pages="174--178",
issn="0028-0836",
doi="10.1038/nature09333",
url="http://dx.doi.org/10.1038/nature09333"
}

